<?xml version="1.0" encoding="UTF-8"?><collection xmlns="http://www.loc.gov/MARC21/slim"><record><leader>00327nam--2200121-i-4500</leader><controlfield tag="001">000021779</controlfield><controlfield tag="002">20161230</controlfield><controlfield tag="005">20161230201034</controlfield><controlfield tag="008">060222s1000------------r-----000-0-eng-d</controlfield><datafield ind1=" " ind2=" " tag="100"><subfield code="a">Heinrich, E.Wm</subfield></datafield><datafield ind1=" " ind2=" " tag="245"><subfield code="a">Mineralogy and geology of radioactive raw materials</subfield></datafield><datafield ind1=" " ind2=" " tag="260"><subfield code="a">New York, Mcgraw-hill, 1959. Xiv + 654 P</subfield></datafield><datafield ind1=" " ind2=" " tag="852"><subfield code="a">15593</subfield></datafield></record></collection>